@misc{WhyROS,
	title        = {Why ROS? It's the fastest way to build a robot!},
	author       = {{ROS.org}},
	howpublished = {\url{https://www.ros.org/blog/why-ros/}},
	accessed     = {April 13, 2023}
}
@misc{ROSEcosystem,
	title        = {The ROS Ecosystem: Software, Hardware, Documentation, and People},
	author       = {{ROS.org}},
	howpublished = {\url{https://www.ros.org/blog/ecosystem/}},
	accessed     = {April 13, 2023}
}
@misc{ROSLogo,
	title        = {ROS Noetic Ninjemys mascot logo},
	author       = {{ROS.org}},
	howpublished = {\url{https://www.ros.org/imgs/ros-noetic-ninjemys.svg}},
	accessed     = {April 13, 2023}
}
@techreport{REP2000,
	title        = {ROS 2 Releases and Target Platforms},
	author       = {Mikael Arguedas and Steven! Ragnarok and Dirk Thomas and Audrow Nash and Geoffrey Biggs},
	year         = 2022,
	month        = {November},
	number       = {REP-2000},
	url          = {https://www.ros.org/reps/rep-2000.html},
	institution  = {{ROS.org}},
	type         = {Informational},
	status       = {Active},
	created      = {2018-04-10},
	accessed     = {April 13, 2023}
}
@misc{ROSChanges,
	title        = {Changes between ROS 1 and ROS 2},
	author       = {Dirk Thomas},
	year         = {2015-2017},
	note         = {Last modified on June 2017},
	howpublished = {\url{https://design.ros2.org/articles/changes.html}},
	accessed     = {April 13, 2023}
}
@misc{ROSMigrationGuide,
	title        = {Migration guide from ROS 1},
	author       = {{ROS.org}},
	year         = {n.d.},
	howpublished = {\url{https://docs.ros.org/en/foxy/The-ROS2-Project/Contributing/Migration-Guide.html}},
	accessed     = {April 13, 2023}
}
@misc{ROSMigrationTools,
	title        = {ROS2 Migration Tools},
	author       = {{AWS Robotics}},
	year         = {n.d.},
	howpublished = {\url{https://github.com/awslabs/ros2-migration-tools}},
	accessed     = {April 13, 2023}
}
@book{introductionToMobileRobots,
	title        = {Introduction to Autonomous Mobile Robots},
	author       = {Siegwart, Roland and Nourbakhsh, Illah R. and Scaramuzza, Davide},
	year         = 2011,
	publisher    = {The MIT Press},
	address      = {Cambridge, Massachusetts, London, England},
	edition      = 2
}
@online{douglas2022fmcw,
	title        = {FMCW Radar for Autonomous Vehicles | Understanding Radar Principles},
	author       = {Douglas, Brian},
	year         = 2022,
	month        = {July 7},
	url          = {https://www.youtube.com/watch?v=-N7A5CIi0sg},
	urldate      = {April 03, 2023}
}
@online{cwradar,
	title        = {Continuous Wave Radar},
	author       = {{Federation of American Scientists}},
	url          = {https://man.fas.org/dod-101/navy/docs/es310/cwradar/cwradar.htm},
	urldate      = {April 03, 2023}
}
@online{doppler_effect_nasa,
	title        = {Doppler Effect},
	author       = {{NASA Glenn Research Center}},
	url          = {https://www.grc.nasa.gov/www/k-12/airplane/doppler.html},
	urldate      = {April 03, 2023}
}
@online{mmwave_sensing_ti,
	title        = {Introduction to mmwave Sensing: FMCW Radars},
	author       = {Sandeep Rao},
	url          = {https://www.ti.com/content/dam/videos/external-videos/2/3816841626001/5415528961001.mp4/subassets/mmwaveSensing-FMCW-offlineviewing\%5F0.pdf},
	urldate      = {April 04, 2023}
}
@misc{pcl_ros,
	title        = {{pointcloud\_to\_laserscan}: Converts a 3D Point Cloud into a 2D laser scan},
	author       = {Paul Bovbel and Michel Hidalgo},
	year         = {n.d.},
	note         = {Accessed: April 28, 2023},
	howpublished = {\url{https://wiki.ros.org/pointcloud_to_laserscan}}
}
@misc{ros1_bridge,
	title        = {ROS 2 package that provides bidirectional communication between ROS 1 and ROS 2},
	author       = {Open Robotics},
	note         = {Accessed: May 5, 2023},
	howpublished = {\url{https://github.com/ros2/ros1_bridge}}
}
@misc{teleop_twist_joy,
	title        = {teleop\_twist\_joy package from teleop\_twist\_joy repo},
	author       = {Mike Purvis},
	year         = 2021,
	url          = {https://index.ros.org/p/teleop\%5Ftwist\%5Fjoy/github-ros2-teleop\%5Ftwist\%5Fjoy/},
	howpublished = {ROS Wiki}
}
@misc{awr1843boost,
	title        = {AWR1843BOOST},
	url          = {https://www.ti.com/tool/AWR1843BOOST},
	howpublished = {Texas Instruments}
}
@manual{xWR1843EvalModule,
	title        = {xWR1843 Evaluation Module (xWR1843BOOST) Single-Chip mmWave Sensing Solution},
	author       = {{Texas Instruments}},
	year         = 2020,
	month        = {May},
	url          = {https://www.ti.com/lit/ug/spruim4b/spruim4b.pdf},
	urldate      = {11.05.2023},
	note         = {SPRUIM4B--December 2018--Revised May 2020},
	organization = {{Texas Instruments}}
}
@manual{ousterOS1datasheet2,
	title        = {{OS1 Mid-Range High-Resolution Imaging Lidar}},
	author       = {{Ouster, Inc.}},
	year         = 2021,
	month        = {February},
	address      = {350 Treat Ave., San Francisco, CA 94110},
	url          = {https://data.ouster.io/downloads/datasheets/datasheet-revd-v2p0-os1.pdf},
	note         = {Revision: 2/11/2021, FIRMWARE VERSION: v2.0, HARDWARE VERSION: 840-102145-D (Rev D)}
}
@manual{ousterOS1datasheet,
	title        = {{OS1 High Resolution Imaging LIDAR}},
	author       = {{Ouster, Inc.}},
	year         = {n.d.},
	address      = {350 Treat Ave, San Francisco, CA 94110},
	url          = {https://www.dataspeedinc.com/app/uploads/2019/10/Ouster-OS1-Datasheet.pdf},
	urldate      = {19.05.2023},
	note         = {SUMMARY: The OS1 offers a market leading combination of price, performance, reliability and SWAP. It is designed for indoor/outdoor all-weather environments and long lifetime. As the smallest high-performance LIDAR on the market, the OS1 can be directly integrated into vehicle facias, windshield, side mirrors, and headlight clusters.},
	email        = {LIDAR@ouster.io}
}
@misc{logitechF710,
	title        = {{F710 Wireless Gamepad}},
	author       = {{Logitech}},
	year         = {n.d.},
	url          = {https://www.logitechg.com/en-in/products/gamepads/f710-wireless-gamepad.940-000119.html},
	urldate      = {19.05.2023},
	note         = {Four-switch D-pad for precise control. Fast 2.4 GHz wireless via USB nano receiver. Dual-motor vibration feedback. Works on PC.},
	howpublished = {Logitech G}
}
@misc{awr1843boost3dmodel,
	title        = {{AWR1843BOOST: 3D Model}},
	year         = {n.d.},
	url          = {https://e2e.ti.com/support/sensors-group/sensors/f/sensors-forum/863997/awr1843boost-3d-model},
	urldate      = {19.05.2023},
	howpublished = {TI E2E Community}
}
@misc{sw_urdf_exporter,
	title        = {{Export a SolidWorks Assembly to URDF}},
	author       = {{ROS Wiki}},
	year         = {n.d.},
	url          = {https://wiki.ros.org/sw\%5Furdf\%5Fexporter/Tutorials/Export\%20an\%20Assembly},
	urldate      = {2022-05-09},
	note         = {Description: This tutorial covers the process of exporting a SolidWorks Assembly to URDF using the SolidWorks to URDF Exporter},
	howpublished = {ROS Wiki}
}
@misc{solidworksURDFExport,
	title        = {{From SolidWorks to URDF \& MoveIt! (Part 2 - The export)}},
	author       = {{Robotics in a Nutshell}},
	year         = 2020,
	month        = {October},
	day          = 3,
	url          = {https://www.youtube.com/watch?v=OSL-zqw4cXs},
	urldate      = {2022-05-09},
	note         = {Description: In this video, we will export the Solidworks model to a URDF file. Solidworks Urdf Exporter: \url{http://wiki.ros.org/sw_urdf_exporter} Reference to ROS URDF coordinate frame setup: \url{http://wiki.ros.org/Industrial/Tutori...} (Section 1.1)},
	howpublished = {YouTube}
}
@misc{reverseEngineeringSOLIDWORKS,
	title        = {{Reverse Engineering from a Picture in SOLIDWORKS}},
	author       = {{Hawk Ridge Systems}},
	year         = 2020,
	month        = {October},
	day          = 19,
	url          = {https://www.youtube.com/watch?v=A9\%5FilMvqe6k},
	urldate      = {2022-05-09},
	note         = {Description: Learn the step-by-step process for reverse engineering an object in SOLIDWORKS, using sketch pictures, splines, combine features, and more! Join Alexander as he reverse engineers a pedal from his simulation racing pedal set. Additional resource: SOLIDWORKS Spline Basics. For more information on SOLIDWORKS: \url{https://hawkridgesys.com/solidworks} Technical Support Knowledgebase: \url{https://support.hawkridgesys.com/}},
	howpublished = {YouTube}
}
@online{awr1843boostImage,
	title        = {AWR1843BOOST Image},
	author       = {{Mouser}},
	url          = {https://no.mouser.com/ProductDetail/Texas-Instruments/AWR1843BOOST?qs=9r4v7xj2LnliVXpjXLB0Vw\%3D\%3D},
	urldate      = {19.05.2023},
	note         = {Image found on the webpage: \url{https://no.mouser.com/ProductDetail/Texas-Instruments/AWR1843BOOST?qs=9r4v7xj2LnliVXpjXLB0Vw\%3D\%3D}}
}
@online{mmwaveVisualizerWebsite,
	title        = {mmWave Demo Visualizer},
	author       = {{Texas Instruments}},
	url          = {https://dev.ti.com/gallery/view/mmwave/mmWave\%5FDemo\%5FVisualizer/ver/4.4.0/},
	urldate      = {19.05.2023},
	note         = {Website: \url{https://dev.ti.com/gallery/view/mmwave/mmWave_Demo_Visualizer/ver/4.4.0/}}
}
@online{husky3DModelWebsite,
	title        = {HUSKY UGV 3D MODEL},
	author       = {{Clearpath Robotics}},
	url          = {https://clearpathrobotics.com/husky-3d-model/},
	urldate      = {19.05.2023},
	note         = {Website: \url{https://clearpathrobotics.com/husky-3d-model/}}
}
@misc{extractingXYZPointData,
	title        = {Extracting XYZ Point Data},
	author       = {{DASI Solutions is now GoEngineer}},
	year         = 2012,
	month        = {February},
	url          = {https://www.youtube.com/watch?v=1tyXfCxaf8U},
	note         = {Video: \url{https://www.youtube.com/watch?v=1tyXfCxaf8U}},
	howpublished = {Online video}
}
@misc{slamToolbox,
	title        = {{Slam Toolbox for lifelong mapping and localization in potentially massive maps with ROS}},
	author       = {{SteveMacenski}},
	year         = {Accessed 2023},
	url          = {https://github.com/SteveMacenski/slam\%5Ftoolbox},
	howpublished = {GitHub repository}
}
@misc{uia_husky_0776,
	title        = {uia\_husky\_0776},
	author       = {{Ørjan Øvsthus}, Lars Muggerud and Robsrud, Didrik Nicolai},
	year         = 2023,
	howpublished = {\url{https://github.com/orjano-max/uia_husky_0776}}
}
@mastersthesis{ovsthus2023,
	title        = {retrofitting of an autonomously navigating mobile robotic system for object fetching by the use of vision guided pick and place},
	author       = {Øvsthus, Ørjan},
	year         = 2023,
	note         = {Unpublished Master's thesis},
	school       = {University of Agder}
}
@misc{ouster-download,
	title        = {{OS1} CAD Files},
	author       = {Ouster},
	url          = {https://ouster.com/downloads/},
	note         = {Accessed on 20th May 2023},
	howpublished = {Download page}
}
@misc{ti-mmwave-rospkg,
	title        = {{TI mmWave ROS Package (Customized)}},
	author       = {Zhang, Leo},
	url          = {https://github.com/didriknr/ti\%5Fmmwave\%5Frospkg/tree/3744a2e31fdd0ff1ae6e88e43b2b140b65a9472b},
	note         = {Accessed on [20.05.2023]},
	howpublished = {GitHub repository},
	organization = {University of Arizona},
	email        = {dr.leo.zhang@outlook.com}
}
@mastersthesis{muggerud2023,
	title        = {Autonomous platooning},
	author       = {Muggerud, Lars},
	year         = 2023,
	note         = {Unpublished Master's thesis},
	school       = {University of Agder}
}
@misc{ouster-ros-driver,
	title        = {{Official ROS driver for Ouster sensors}},
	author       = {{Ouster Lidar}},
	url          = {https://github.com/ouster-lidar/ouster-ros/tree/22acf88f2f162cff62e10318aed7c51497ebc08a},
	note         = {Accessed on 22.05.2023},
	howpublished = {GitHub repository}
}
@misc{ros2-pointcloud-laserscan,
	title        = {{ROS 2 pointcloud <-> laserscan converters}},
	author       = {{ROS Perception}},
	url          = {https://github.com/ros-perception/pointcloud\%5Fto\%5Flaserscan/tree/bb361b4668308d80a1db78e34bccf1171a2d9a9b},
	note         = {Accessed on 20.05.2023},
	howpublished = {GitHub repository}
}
@misc{ira-laser-tools,
	title        = {{ira\_laser\_tools}},
	author       = {Augusto Luis Ballardini and Simone Fontana and Axel Furlan and Domenico G. Sorrenti},
	url          = {https://github.com/iralabdisco/ira\%5Flaser\%5Ftools/tree/958d0ac8e103822ce9ce04c0bb9c3b499322575d},
	note         = {Accessed on 20.05.2023},
	howpublished = {GitHub repository}
}
@misc{serial-communication-library,
	title        = {{Serial Communication Library}},
	author       = {William Woodall},
	url          = {https://github.com/wjwwood/serial/tree/69e0372cf0d3796e84ce9a09aff1d74496f68720},
	note         = {Accessed on 22.05.2023},
	howpublished = {GitHub repository}
}
@book{book,
	title        = {Autonomous vehicles in support of naval operations},
	author       = {Operations, Committee and Board, Naval and Sciences, Division and Council, National},
	year         = 2005,
	month        = {09},
	journal      = {Autonomous Vehicles in Support of Naval Operations},
	pages        = {1--238},
	doi          = {10.17226/11379}
}
@inproceedings{7579940,
	title        = {A Low-Complexity Scheme for Partially Occluded Pedestrian Detection Using LIDAR-RADAR Sensor Fusion},
	author       = {Kwon, Seong Kyung and Hyun, Eugin and Lee, Jin-Hee and Lee, Jonghun and Son, Sang Hyuk},
	year         = 2016,
	booktitle    = {2016 IEEE 22nd International Conference on Embedded and Real-Time Computing Systems and Applications (RTCSA)},
	volume       = {},
	number       = {},
	pages        = {104--104},
	doi          = {10.1109/RTCSA.2016.20}
}
@inproceedings{8561087,
	title        = {Radar-Lidar Sensor Fusion Sheme Using Occluded Depth Generation for Pedestrian Detection},
	author       = {Kwon, Seong Kyung and Son, S. H. and Hyun, Eugin and Lee, Jin-Hee and Lee, Jonghun},
	year         = 2017,
	booktitle    = {2017 International Conference on Computational Science and Computational Intelligence (CSCI)},
	volume       = {},
	number       = {},
	pages        = {1811--1812},
	doi          = {10.1109/CSCI.2017.322}
}
@inproceedings{9951730,
	title        = {Object tracking with low resolution Lidar and Radar fusion, a comparison},
	author       = {Dahal, Pragyan and Mentasti, Simone and Cholakkal, Hafeez Husain and Arrigoni, Stefano and Braghin, Francesco and Matteucci, Matteo and Cheli, Federico},
	year         = 2022,
	booktitle    = {2022 AEIT International Annual Conference (AEIT)},
	volume       = {},
	number       = {},
	pages        = {1--6},
	doi          = {10.23919/AEIT56783.2022.9951730}
}
@inproceedings{6916120,
	title        = {A perception system for obstacle detection and tracking in rural, unstructured environment},
	author       = {Yeo, Yechuan and Zhang, Xinghu and Yang, Rong},
	year         = 2014,
	booktitle    = {17th International Conference on Information Fusion (FUSION)},
	volume       = {},
	number       = {},
	pages        = {1--8},
	doi          = {}
}
@misc{husky-ugv,
	title        = {{HUSKY Unmanned Ground Vehicle}},
	url          = {https://clearpathrobotics.com/husky-unmanned-ground-vehicle-robot/},
	note         = {Accessed on 22.05.2023},
	howpublished = {Clearpath Robotics}
}
@misc{awr1843boostintro,
	title        = {{AWR1843BOOST}},
	url          = {https://www.ti.com/tool/AWR1843BOOST#included},
	note         = {Accessed on 22.05.2023},
	howpublished = {Texas Instruments}
}
@unpublished{muggerud2023lanekeeping,
	title        = {Autonomous Lane Keeping for UGV Using a Monocular Vision System and Machine Learning},
	author       = {Muggerud, Lars and Øvsthus, Ørjan and Robsrud, Didrik Nicolai},
	year         = 2022,
	note         = {Unpublished report, University of Agder}
}
@misc{redshiftlabs-um7,
	title        = {{UM7 Orientation Sensor}},
	url          = {https://redshiftlabs.com.au/product/um7-orientation-sensor/},
	note         = {Accessed: 22.05.2023},
	howpublished = {Redshift Labs},
	organization = {Redshift Labs}
}
@manual{jetson-agx-xavier-user-guide,
	title        = {{JETSON AGX XAVIER DEVELOPER KIT}},
	author       = {{NVIDIA}},
	year         = 2019,
	month        = {December 17},
	url          = {https://developer.download.nvidia.com/embedded/L4T/r32-3-1\%5FRelease\%5Fv1.0/jetson\%5Fagx\%5Fxavier\%5Fdeveloper\%5Fkit\%5Fuser\%5Fguide.pdf?t=eyJscyI6ImdzZW8iLCJsc2QiOiJodHRwczovL3d3dy5nb29nbGUuY29tLyJ9},
	note         = {DA_09403_003},
	organization = {{NVIDIA}},
	accessed     = {22.05.2023}
}

@article{
    doi:10.1126/scirobotics.abm6074,
    author = {Steven Macenski  and Tully Foote  and Brian Gerkey  and Chris Lalancette  and William Woodall },
    title = {Robot Operating System 2: Design, architecture, and uses in the wild},
    journal = {Science Robotics},
    volume = {7},
    number = {66},
    pages = {eabm6074},
    year = {2022},
    doi = {10.1126/scirobotics.abm6074},
    URL = {https://www.science.org/doi/abs/10.1126/scirobotics.abm6074}
}