@misc{WhyROS,
  title = {Why ROS? It's the fastest way to build a robot!},
  author = {{ROS.org}},
  howpublished = {\url{https://www.ros.org/blog/why-ros/}},
  accessed = {April 13, 2023}
}

@misc{ROSEcosystem,
  title = {The ROS Ecosystem: Software, Hardware, Documentation, and People},
  author = {{ROS.org}},
  howpublished = {\url{https://www.ros.org/blog/ecosystem/}},
  accessed = {April 13, 2023}
}

@misc{ROSLogo,
  title = {ROS Noetic Ninjemys mascot logo},
  author = {{ROS.org}},
  howpublished = {\url{https://www.ros.org/imgs/ros-noetic-ninjemys.svg}},
  accessed = {April 13, 2023}
}

@techreport{REP2000,
  author = {Mikael Arguedas and Steven! Ragnarok and Dirk Thomas and Audrow Nash and Geoffrey Biggs},
  title = {ROS 2 Releases and Target Platforms},
  institution = {{ROS.org}},
  type = {Informational},
  number = {REP-2000},
  url = {https://www.ros.org/reps/rep-2000.html},
  year = {2022},
  month = {November},
  status = {Active},
  created = {2018-04-10},
  accessed = {April 13, 2023}
}

@misc{ROSChanges,
  author = {Dirk Thomas},
  title = {Changes between ROS 1 and ROS 2},
  howpublished = {\url{https://design.ros2.org/articles/changes.html}},
  year = {2015-2017},
  note = {Last modified on June 2017},
  accessed = {April 13, 2023}
}

@misc{ROSMigrationGuide,
  author = {{ROS.org}},
  title = {Migration guide from ROS 1},
  howpublished = {\url{https://docs.ros.org/en/foxy/The-ROS2-Project/Contributing/Migration-Guide.html}},
  year = {n.d.},
  accessed = {April 13, 2023}
}

@misc{ROSMigrationTools,
  author = {{AWS Robotics}},
  title = {ROS2 Migration Tools},
  howpublished = {\url{https://github.com/awslabs/ros2-migration-tools}},
  year = {n.d.},
  accessed = {April 13, 2023}
}

@book{introductionToMobileRobots,
  title={Introduction to Autonomous Mobile Robots},
  author={Siegwart, Roland and Nourbakhsh, Illah R. and Scaramuzza, Davide},
  edition={2},
  publisher={The MIT Press},
  address={Cambridge, Massachusetts, London, England},
  year={2011}
}